<?xml version="1.0" encoding="UTF-8"?><collection xmlns="http://www.loc.gov/MARC21/slim"><record><leader>00521nam--2200181-i-4500</leader><controlfield tag="001">000011617</controlfield><controlfield tag="002">20161230</controlfield><controlfield tag="005">20161230201029</controlfield><controlfield tag="008">060222s1000------------r-----000-0-eng-d</controlfield><datafield ind1=" " ind2=" " tag="040"><subfield code="a">IFIN-HH</subfield></datafield><datafield ind1=" " ind2=" " tag="080"><subfield code="a">539.12.162.8(047.1)</subfield></datafield><datafield ind1="1" ind2=" " tag="100"><subfield code="a">Barger, V</subfield></datafield><datafield ind1="1" ind2="0" tag="245"><subfield code="a">Compatibility of old new (pi)n charge-exchange results</subfield><subfield code="c">V. barger, r.j.n. phillips</subfield></datafield><datafield ind1=" " ind2=" " tag="260"><subfield code="a">Wisconsin</subfield><subfield code="b">University Of Wisconsin</subfield><subfield code="c">1976</subfield></datafield><datafield ind1=" " ind2=" " tag="300"><subfield code="a">6 PL. + 2 PL</subfield></datafield><datafield ind1="1" ind2=" " tag="700"><subfield code="a">Phillips, R.J.N</subfield></datafield><datafield ind1=" " ind2=" " tag="852"><subfield code="a">42866</subfield><subfield code="c">539.131</subfield></datafield><datafield ind1=" " ind2=" " tag="CAT"><subfield code="a">Sys</subfield><subfield code="c">20120309</subfield><subfield code="h">134126</subfield></datafield></record></collection>